<?xml version="1.0" encoding="UTF-8"?><collection xmlns="http://www.loc.gov/MARC21/slim"><record><leader>00364nam--2200133-i-4500</leader><controlfield tag="001">000026341</controlfield><controlfield tag="002">20161230</controlfield><controlfield tag="005">20161230201036</controlfield><controlfield tag="008">060222s1000------------r-----000-0-eng-d</controlfield><datafield ind1=" " ind2=" " tag="080"><subfield code="a">528:550.3(047.3)</subfield></datafield><datafield ind1=" " ind2=" " tag="245"><subfield code="a">4th international symposium geodesy and physics of the earath</subfield></datafield><datafield ind1=" " ind2=" " tag="260"><subfield code="a">Berlin, Akademie Der Wissenschaften 1981, 195p</subfield></datafield><datafield ind1=" " ind2=" " tag="490"><subfield code="a">63</subfield></datafield><datafield ind1=" " ind2=" " tag="852"><subfield code="a">70091</subfield></datafield></record></collection>